@misc{gplv3,
    author       = {Free Software Foundation},
    title        = {{GNU} {G}eneral {P}ublic {L}icense},
    version      = {3},
	howpublished = {\url{http://www.gnu.org/licenses/gpl.html}},
    shorthand    = {GPL},
}

@misc{web-server-usage,
	author       = {w3tech}, 
	title        = {Usage of web servers for websites},
	howpublished = {\url{https://w3techs.com/technologies/overview/web_server/all}}
}

@misc{apache,
	author       = {Apache Software Foundation}, 
	title        = {Apache Software Foundation},
	howpublished = {\url{http://www.apache.org/}}
}

@misc{nodejs-trend,
	author       = {w3tech}, 
	title        = {Usage statistics and market share of Node.js for websites},
	howpublished = {\url{https://w3techs.com/technologies/details/ws-nodejs/all/all}}
}

@misc{acid,
	author       = {Graham Chen}, 
	title        = {Distributed transaction processing standars and their applications},
	howpublished = {\url{https://pdfs.semanticscholar.org/cf9d/45b49b276615e6c5d94a8ffaf163933c49a6.pdf}}
}

@misc{cap,
	author       = {Eric Brewer}, 
	title        = {Brewer's CAP Theorem},
	howpublished = {\url{http://www.julianbrowne.com/article/brewers-cap-theorem}}
}

@misc{pug,
	author       = {Pug}, 
	title        = {Pug template engine},
	howpublished = {\url{https://github.com/pugjs/pug}}
}

@misc{jade,
	author       = {Jade}, 
	title        = {Jade Lang},
	howpublished = {\url{jade-lang.com}}
}

@misc{bootstrap,
	author       = {Bootstrap}, 
	title        = {Bootstrap},
	howpublished = {\url{https://getbootstrap.com/}}
}

@misc{hack-week,
	author       = {Twitter}, 
	title        = {Hack Week},
	howpublished = {\url{https://blog.twitter.com/engineering/en_us/a/2010/hack-week.html}}
}

@misc{json,
	author       = {w3schools}, 
	title        = {JavaScript Object Notation},
	howpublished = {\url{https://www.w3schools.com/js/js_json_intro.asp}}
}

@misc{mongoose,
	author       = {Mongoose}, 
	title        = {Elegant mongodb object modeling for node.js},
	howpublished = {\url{http://mongoosejs.com/}}
}

@misc{agpl,
	author       = {Free Software Foundation}, 
	title        = {GNU Affero General Public License},
	howpublished = {\url{https://www.gnu.org/licenses/agpl-3.0.html}}
}

@misc{ansible,
	author       = {Ansible}, 
	title        = {Automation for everyone},
	howpublished = {\url{https://www.ansible.com/}}
}

@misc{passport,
	author       = {Passport.js}, 
	title        = {Simple, unobtrusive authentication for Node.js},
	howpublished = {\url{http://www.passportjs.org/}}
}

@misc{express,
	author       = {Express.js}, 
	title        = {Fast, unopinionated, minimalist web framework for Node.js},
	howpublished = {\url{http://expressjs.com/}}
}

@misc{blowfish,
	author       = {Bruce Schneier}, 
	title        = {Schneier on Security},
	howpublished = {\url{https://www.schneier.com/academic/blowfish/}}
}

@misc{rainbow,
	author       = {Philippe Oechslin}, 
	title        = {Making a Faster Cryptanalytical Time-Memory Trade-Off},
	howpublished = {\url{https://lasec.epfl.ch/~oechslin/publications/crypto03.pdf}}
}

@misc{gdpr,
	author       = {European Union}, 
	title        = {General Data Protection Regulation},
	howpublished = {\url{https://eur-lex.europa.eu/legal-content/EN/TXT/HTML/?uri=OJ:L:2016:119:FULL&from=EN}}
}

@inbook{software-engineering,
	author = {Ian Sommervile},
	title = {Software Engineering},
	bookTitle = {Software Engineering},
	year = 2016,
	publisher = {Springer International Publishing},
	isbn = {0-321-31379-8},
}

@misc{nodejs,
	author       = {Node.js Foundation}, 
	title        = {Node.js},
	howpublished = {\url{https://nodejs.org/es/}}
}

@misc{npm,
	author       = {npm, Inc.}, 
	title        = {Build amazing things},
	howpublished = {\url{https://www.npmjs.com/}}
}

@misc{carbone,
	author       = {Carbone}, 
	title        = {Carbone},
	howpublished = {\url{https://carbone.io/designer-documentation.html}}
}

@misc{canvas,
	author       = {w3schools}, 
	title        = {HTML5 Canvas},
	howpublished = {\url{https://www.w3schools.com/html/html5_canvas.asp}}
}

@misc{supertest,
	author       = {visionmedia}, 
	title        = {Super-agent driven library for testing node.js HTTP servers using a fluent API},
	howpublished = {\url{https://github.com/visionmedia/supertest}}
}

@misc{travis-ci,
	author       = {Travis CI}, 
	title        = {Test and Deploy with Confidence},
	howpublished = {\url{https://travis-ci.org/}}
}

@misc{ubuntu-usage,
	author       = {w3techs}, 
	title        = {Usage statistics and market share of Linux for websites},
	howpublished = {\url{https://w3techs.com/technologies/details/os-linux/all/all}}
}

@misc{gespol,
	author       = {GESPOL}, 
	title        = {GESPOL Security and Safety Systems},
	howpublished = {\url{http://bilbo2.servebbs.net:9980/gespolweb/index.php/}}
}

@misc{appolo,
	author       = {almerimatik}, 
	title        = {Appolo, aplicación integral para Cuerpos de Policía Local},
	howpublished = {\url{http://www2.almerimatik.es/appolo/}}
}

@misc{scrum,
	author       = {Scrum Manager}, 
	title        = {Troncal I. Scrum Master},
	howpublished = {\url{http://scrummanager.net/files/scrum_manager.pdf}}
}

@misc{vagrant,
	author       = {HashiCorp}, 
	title        = {Development Environments Made Easy},
	howpublished = {\url{https://www.vagrantup.com/}}
}

@misc{passport-func,
	author       = {centuryLink}, 
	title        = {Authentication with passport.js},
	howpublished = {\url{https://www.ctl.io/developers/blog/post/build-user-authentication-with-node-js-express-passport-and-mongodb}}
}

@misc{image-unit-test,
	author       = {Martin Fowler}, 
	title        = {Unit test},
	howpublished = {\url{https://martinfowler.com/bliki/UnitTest.html}}
}

@misc{image-ci,
	author       = {FileCatalyst}, 
	title        = {Continuous integration diagram},
	howpublished = {\url{http://filecatalyst.com/wp-content/uploads/2014/12/Continuous-Integration-Diagram.png}}
}

@misc{image-node,
	author       = {Belisoft}, 
	title        = {PHP vs Nodejs},
	howpublished = {\url{https://belitsoft.com/php-development-services/php7-vs-nodejs}}
}

@misc{image-node-arch,
	author       = {Codeburst}, 
	title        = {All about Node.js},
	howpublished = {\url{https://codeburst.io/all-about-node-js-you-wanted-to-know-25f3374e0be7}}
}

@misc{image-mongoose,
	author       = {Medium}, 
	title        = {Introduction to Mongoose},
	howpublished = {\url{https://medium.freecodecamp.org/introduction-to-mongoose-for-mongodb-d2a7aa593c57}}
}

@misc{image-vagrant,
	author       = {Czerasz}, 
	title        = {Vagrant workflow},
	howpublished = {\url{http://czerasz.com/2015/01/06/vagrant-workflows/}}
}

@misc{image-ansible,
	author       = {RoyalCyber}, 
	title        = {Automation with Ansible},
	howpublished = {\url{http://blog.royalcyber.com/devops/new-level-of-automation-with-ansible/}}
}

#################################

@misc{oms-covid,
	author       = {OMS}, 
	title        = {Preguntas y respuestas sobre la enfermedad por coronavirus (COVID-19)},
	howpublished = {\url{https://www.who.int/es/emergencies/diseases/novel-coronavirus-2019/advice-for-public/q-a-coronaviruses}}
}

@misc{reglamento-sanitario-internacional,
	author       = {OMS}, 
	title        = {Reglamento Sanitario Internacional (2005)},
	howpublished = {\url{https://www.who.int/ihr/publications/9789241580496/es/}}
}

@article{gabriela-nova,
 author = {Gabriela Nova},
 title = {Los beneficios de estar informado},
 journal = {Medium},
 Month = {Dec},
 year = {2016},
 url = {https://medium.com/eivos/los-beneficios-de-estar-informado-a790b19b8ce9}
 }

@misc{scrum-manager,
	author       = {}, 
	title        = {Historia de usuario},
	howpublished = {\url{https://www.scrummanager.net/bok/index.php/Historia_de_usuario}}
}

@misc{rtve-preocupaciones,
	author       = {RTVE}, 
	title        = {La crisis económica y el coronavirus preocupan ahora más a los españoles que el paro},
	howpublished = {\url{https://www.rtve.es/noticias/20201015/crisis-economica-coronavirus-preocupan-ahora-mas-espanoles-paro/2045610.shtml}}
}

@misc{statista,
	author       = {Statista Research Department}, 
	title        = {Usuarios de teléfonos móviles y smartphones a nivel mundial de 2014 a 2019},
	howpublished = {\url{https://es.statista.com/estadisticas/723622/usuarios-de-telefonos-moviles-y-smartphones-en-el-mundo/}}
}

@misc{elperiodico,
	author       = {elPeriódico}, 
	title        = {Enganchados al móvil: ¿somos una sociedad 'empantallada'?},
	howpublished = {\url{https://byzness.elperiodico.com/es/innovadores/20200102/empantallados-somos-adictos-nuestro-movil-7790578}}
}

@misc{gob-espana,
	author       = {}, 
	title        = {Situación actual del Covid-19 en España},
	howpublished = {\url{https://www.mscbs.gob.es/profesionales/saludPublica/ccayes/alertasActual/nCov/situacionActual.htm}}
}

@misc{la-moncloa,
	author       = {}, 
	title        = {La Moncloa},
	howpublished = {\url{https://www.lamoncloa.gob.es/Paginas/index.aspx}}
}

@misc{actualizacion-gob,
	author       = {}, 
	title        = {Actualización nº 246. Enfermedad por el coronavirus (COVID-19). 09.11.2020},
	howpublished = {\url{https://www.mscbs.gob.es/profesionales/saludPublica/ccayes/alertasActual/nCov/documentos/Actualizacion_246_COVID-19.pdf}}
}

@misc{manifiesto-agil,
	author       = {Kent Beck}, 
	title        = {Manifiesto por el Desarrollo Ágil de Software},
	howpublished = {\url{https://agilemanifesto.org/iso/es/manifesto.html}}
}

@misc{scrum-guia,
	author       = {La Guía de Scrum™}, 
	title        = {Ken Schwaber y Jeff Sutherland},
	howpublished = {\url{https://www.scrumguides.org/docs/scrumguide/v2017/2017-Scrum-Guide-Spanish-European.pdf}}
}

@misc{proyecto-github,
	author       = {}, 
	title        = {Proyecto GitHub},
	howpublished = {\url{https://github.com/JmZero/TFG_Covid-19_reports/projects/1}}
}

@misc{whatsapp,
	author       = {}, 
	title        = {Whatsapp},
	howpublished = {\url{https://www.whatsapp.com/?lang=es}}
}

@misc{telegram,
	author       = {}, 
	title        = {Whatsapp},
	howpublished = {\url{https://telegram.org/}}
}

@misc{articulo-xataka,
	author       = {Iván Ramírez}, 
	title        = {WhatsApp vs Telegram: ¿cuál es la mejor aplicación de mensajería?},
	howpublished = {\url{https://www.xatakandroid.com/aplicaciones-android/whatsapp-vs-telegram-cual-mejor-aplicacion-mensajeria-1}}
}

@misc{articulo-stackscale,
	author       = {Stackscale}, 
	title        = {Top 10 de lenguajes de programación 2020},
	howpublished = {\url{https://www.stackscale.com/es/blog/top-10-lenguajes-programacion-2020/}}
}

@misc{articulo-revista-digital,
	author       = {Paula Rochina}, 
	title        = {Python vs R para el análisis de datos},
	howpublished = {\url{https://revistadigital.inesem.es/informatica-y-tics/python-r-analisis-datos/}}
}

@misc{articulo-planeta-chatbot,
	author       = {Marvin G. Soto}, 
	title        = {¿Por qué usar Python para programar Chatbots?},
	howpublished = {\url{https://planetachatbot.com/por-qu%C3%A9-usar-python-para-programar-chatbots-3fce4b44df08}}
}

@misc{python-telegram-bot,
	author       = {python-telegram-bot}, 
	title        = {Repositorio de python-telegram-bot},
	howpublished = {\url{https://github.com/python-telegram-bot/python-telegram-bot}}
}

@misc{pandas,
	author       = {pandas}, 
	title        = {About pandas},
	howpublished = {\url{https://pandas.pydata.org/about/}}
}

@misc{matplotlib,
	author       = {Matplotlib}, 
	title        = {Matplotlib: Visualization with Python},
	howpublished = {\url{https://matplotlib.org/}}
}

@misc{agplv3,
    author       = {Free Software Foundation},
    title        = {{GNU} {G}eneral {P}ublic {L}icense},
    version      = {3},
	howpublished = {\url{https://www.gnu.org/licenses/agpl-3.0.en.html}},
    shorthand    = {AGPL},
}

@misc{heroku,
	author       = {Heroku}, 
	title        = {The Heroku Platform},
	howpublished = {\url{https://www.heroku.com/platform}}
}

@misc{articulo-sitemap,
	author       = {Anastasia Kurmakaeva}, 
	title        = {¿Qué es un sitemap y cómo crearlo?},
	howpublished = {\url{https://www.humanlevel.com/diccionario-marketing-online/sitemap}}
}

@misc{crear-bot-heroku,
	author       = {Artem Rys}, 
	title        = {Creating Telegram Bot and Deploying it to Heroku},
	howpublished = {\url{https://medium.com/python4you/creating-telegram-bot-and-deploying-it-on-heroku-471de1d96554}}
}

@misc{github-datadista,
	author       = {}, 
	title        = {GitHub de Datadista},
	howpublished = {\url{https://github.com/datadista/datasets/tree/master/COVID%2019}}
}
